%YAML 1.1
%TAG !u! tag:unity3d.com,2011:
--- !u!1 &1557062975174321353
GameObject:
  m_ObjectHideFlags: 0
  m_CorrespondingSourceObject: {fileID: 0}
  m_PrefabInstance: {fileID: 0}
  m_PrefabAsset: {fileID: 0}
  serializedVersion: 6
  m_Component:
  - component: {fileID: 4220391609455609091}
  - component: {fileID: 4071070046484058908}
  - component: {fileID: 2440264373668568195}
  - component: {fileID: 5085457239557321848}
  m_Layer: 5
  m_Name: Input
  m_TagString: Untagged
  m_Icon: {fileID: 0}
  m_NavMeshLayer: 0
  m_StaticEditorFlags: 0
  m_IsActive: 1
--- !u!224 &4220391609455609091
RectTransform:
  m_ObjectHideFlags: 0
  m_CorrespondingSourceObject: {fileID: 0}
  m_PrefabInstance: {fileID: 0}
  m_PrefabAsset: {fileID: 0}
  m_GameObject: {fileID: 1557062975174321353}
  m_LocalRotation: {x: -0, y: -0, z: -0, w: 1}
  m_LocalPosition: {x: 0, y: 0, z: 0}
  m_LocalScale: {x: 1, y: 1, z: 1}
  m_Children:
  - {fileID: 6901164576109115385}
  m_Father: {fileID: 0}
  m_RootOrder: 0
  m_LocalEulerAnglesHint: {x: 0, y: 0, z: 0}
  m_AnchorMin: {x: 0.5, y: 0.5}
  m_AnchorMax: {x: 0.5, y: 0.5}
  m_AnchoredPosition: {x: -157.8, y: 531}
  m_SizeDelta: {x: 1046.3071, y: 127.0116}
  m_Pivot: {x: 0.5, y: 0.5}
--- !u!222 &4071070046484058908
CanvasRenderer:
  m_ObjectHideFlags: 0
  m_CorrespondingSourceObject: {fileID: 0}
  m_PrefabInstance: {fileID: 0}
  m_PrefabAsset: {fileID: 0}
  m_GameObject: {fileID: 1557062975174321353}
  m_CullTransparentMesh: 0
--- !u!114 &2440264373668568195
MonoBehaviour:
  m_ObjectHideFlags: 0
  m_CorrespondingSourceObject: {fileID: 0}
  m_PrefabInstance: {fileID: 0}
  m_PrefabAsset: {fileID: 0}
  m_GameObject: {fileID: 1557062975174321353}
  m_Enabled: 1
  m_EditorHideFlags: 0
  m_Script: {fileID: 11500000, guid: fe87c0e1cc204ed48ad3b37840f39efc, type: 3}
  m_Name: 
  m_EditorClassIdentifier: 
  m_Material: {fileID: 0}
  m_Color: {r: 1, g: 1, b: 1, a: 0}
  m_RaycastTarget: 1
  m_RaycastPadding: {x: 0, y: 0, z: 0, w: 0}
  m_Maskable: 1
  m_OnCullStateChanged:
    m_PersistentCalls:
      m_Calls: []
  m_Sprite: {fileID: 0}
  m_Type: 0
  m_PreserveAspect: 0
  m_FillCenter: 1
  m_FillMethod: 4
  m_FillAmount: 1
  m_FillClockwise: 1
  m_FillOrigin: 0
  m_UseSpriteMesh: 0
  m_PixelsPerUnitMultiplier: 1
--- !u!225 &5085457239557321848
CanvasGroup:
  m_ObjectHideFlags: 0
  m_CorrespondingSourceObject: {fileID: 0}
  m_PrefabInstance: {fileID: 0}
  m_PrefabAsset: {fileID: 0}
  m_GameObject: {fileID: 1557062975174321353}
  m_Enabled: 1
  m_Alpha: 1
  m_Interactable: 1
  m_BlocksRaycasts: 1
  m_IgnoreParentGroups: 0
--- !u!1001 &7416472392304436387
PrefabInstance:
  m_ObjectHideFlags: 0
  serializedVersion: 2
  m_Modification:
    m_TransformParent: {fileID: 4220391609455609091}
    m_Modifications:
    - target: {fileID: 4118901152751424344, guid: cc378168bd04f8340816f8cec123f1ae,
        type: 3}
      propertyPath: m_RaycastTarget
      value: 1
      objectReference: {fileID: 0}
    - target: {fileID: 4118901152751424346, guid: cc378168bd04f8340816f8cec123f1ae,
        type: 3}
      propertyPath: m_LocalPosition.x
      value: 0
      objectReference: {fileID: 0}
    - target: {fileID: 4118901152751424346, guid: cc378168bd04f8340816f8cec123f1ae,
        type: 3}
      propertyPath: m_LocalPosition.y
      value: 0
      objectReference: {fileID: 0}
    - target: {fileID: 4118901152751424346, guid: cc378168bd04f8340816f8cec123f1ae,
        type: 3}
      propertyPath: m_LocalPosition.z
      value: 0
      objectReference: {fileID: 0}
    - target: {fileID: 4118901152751424346, guid: cc378168bd04f8340816f8cec123f1ae,
        type: 3}
      propertyPath: m_LocalRotation.x
      value: -0
      objectReference: {fileID: 0}
    - target: {fileID: 4118901152751424346, guid: cc378168bd04f8340816f8cec123f1ae,
        type: 3}
      propertyPath: m_LocalRotation.y
      value: -0
      objectReference: {fileID: 0}
    - target: {fileID: 4118901152751424346, guid: cc378168bd04f8340816f8cec123f1ae,
        type: 3}
      propertyPath: m_LocalRotation.z
      value: -0
      objectReference: {fileID: 0}
    - target: {fileID: 4118901152751424346, guid: cc378168bd04f8340816f8cec123f1ae,
        type: 3}
      propertyPath: m_LocalRotation.w
      value: 1
      objectReference: {fileID: 0}
    - target: {fileID: 4118901152751424346, guid: cc378168bd04f8340816f8cec123f1ae,
        type: 3}
      propertyPath: m_RootOrder
      value: 0
      objectReference: {fileID: 0}
    - target: {fileID: 4118901152751424346, guid: cc378168bd04f8340816f8cec123f1ae,
        type: 3}
      propertyPath: m_LocalEulerAnglesHint.x
      value: 0
      objectReference: {fileID: 0}
    - target: {fileID: 4118901152751424346, guid: cc378168bd04f8340816f8cec123f1ae,
        type: 3}
      propertyPath: m_LocalEulerAnglesHint.y
      value: 0
      objectReference: {fileID: 0}
    - target: {fileID: 4118901152751424346, guid: cc378168bd04f8340816f8cec123f1ae,
        type: 3}
      propertyPath: m_LocalEulerAnglesHint.z
      value: 0
      objectReference: {fileID: 0}
    - target: {fileID: 4118901152751424346, guid: cc378168bd04f8340816f8cec123f1ae,
        type: 3}
      propertyPath: m_AnchoredPosition.x
      value: 0.0018310547
      objectReference: {fileID: 0}
    - target: {fileID: 4118901152751424346, guid: cc378168bd04f8340816f8cec123f1ae,
        type: 3}
      propertyPath: m_AnchoredPosition.y
      value: 0.0066452026
      objectReference: {fileID: 0}
    - target: {fileID: 4118901152751424346, guid: cc378168bd04f8340816f8cec123f1ae,
        type: 3}
      propertyPath: m_SizeDelta.x
      value: -0.0036621094
      objectReference: {fileID: 0}
    - target: {fileID: 4118901152751424346, guid: cc378168bd04f8340816f8cec123f1ae,
        type: 3}
      propertyPath: m_SizeDelta.y
      value: 0.013286591
      objectReference: {fileID: 0}
    - target: {fileID: 4118901152751424346, guid: cc378168bd04f8340816f8cec123f1ae,
        type: 3}
      propertyPath: m_AnchorMin.x
      value: 0
      objectReference: {fileID: 0}
    - target: {fileID: 4118901152751424346, guid: cc378168bd04f8340816f8cec123f1ae,
        type: 3}
      propertyPath: m_AnchorMin.y
      value: 0
      objectReference: {fileID: 0}
    - target: {fileID: 4118901152751424346, guid: cc378168bd04f8340816f8cec123f1ae,
        type: 3}
      propertyPath: m_AnchorMax.x
      value: 1
      objectReference: {fileID: 0}
    - target: {fileID: 4118901152751424346, guid: cc378168bd04f8340816f8cec123f1ae,
        type: 3}
      propertyPath: m_AnchorMax.y
      value: 1
      objectReference: {fileID: 0}
    - target: {fileID: 4118901152751424346, guid: cc378168bd04f8340816f8cec123f1ae,
        type: 3}
      propertyPath: m_Pivot.x
      value: 0.5
      objectReference: {fileID: 0}
    - target: {fileID: 4118901152751424346, guid: cc378168bd04f8340816f8cec123f1ae,
        type: 3}
      propertyPath: m_Pivot.y
      value: 0.5
      objectReference: {fileID: 0}
    - target: {fileID: 4118901152751424347, guid: cc378168bd04f8340816f8cec123f1ae,
        type: 3}
      propertyPath: m_Name
      value: InputField
      objectReference: {fileID: 0}
    - target: {fileID: 4118901152751424349, guid: cc378168bd04f8340816f8cec123f1ae,
        type: 3}
      propertyPath: m_Enabled
      value: 0
      objectReference: {fileID: 0}
    m_RemovedComponents:
    - {fileID: 4118901152751424350, guid: cc378168bd04f8340816f8cec123f1ae, type: 3}
  m_SourcePrefab: {fileID: 100100000, guid: cc378168bd04f8340816f8cec123f1ae, type: 3}
--- !u!224 &6901164576109115385 stripped
RectTransform:
  m_CorrespondingSourceObject: {fileID: 4118901152751424346, guid: cc378168bd04f8340816f8cec123f1ae,
    type: 3}
  m_PrefabInstance: {fileID: 7416472392304436387}
  m_PrefabAsset: {fileID: 0}
